    @BOOK{SestavteSiRodokmen,
      author =       "Blanka Lednická",
      title =        "Sestavte si rodokmen, pátráme po svých předcích",
      publisher =    "Grada",
      edition =      "1",
      year =         "2012",
      isbn =         "978-80-247-4069-0",
    }
    
    @BOOK{ArchivnictvíSkripta,
      author =       "Jiřina Štouračová",
      title =        "Archivnictví",
      publisher =    "Masarykova univerzita",
      edition =      "1",
      year =         "2013",
      isbn =         "978-80-210-6512-3",
      url =          "https://digilib.phil.muni.cz/_flysystem/fedora/monography/128576-monography.pdf",
      cited =        "2023-11-10"
    
    }
    
    @website{digitalizacevArchivech,
      title =        "Digitalizace v archivech",
      howpublished = "online",
      publisher = "Česká genealogická a heraldická společnost v Praze",
      url =        "http://www.genealogie.cz/aktivity/digitalizace/",
      cited =        "2024-05-09",
    }

    @website{lanoveRejstriky,
      title =        "D1 - Lánové rejstříky",
      howpublished = "online",
      publisher = "Moravský zemský archiv v Brně",
      url =        "http://www.mza.cz/a8web/a8apps1/d1/a8sl4dd2bad3D1.htm",
      cited =        "2024-05-09",
    }

    @website{berniRula,
      title =        "Berní rula",
      howpublished = "online",
      publisher = "Vodní mlýny",
      url =        "https://www.vodnimlyny.cz/no/berni-rula/",
      cited =        "2024-05-09",
    }
    
    @website{rektifikacniAkta,
      title =        "D2 - Rektifikační akta",
      howpublished = "online",
      publisher = "Moravský zemský archiv v Brně",
      url =        "http://www.mza.cz/a8web/a8apps1/D2/A8SL4DD2Bad3D2.htm",
      cited =        "2024-05-09",
    }

    @website{hledaniPredku,
      title =        "Za bohatstvím našich předků",
      howpublished = "online",
      publisher = "Hledání předků",
      url =        "https://www.hledanipredku.cz/gruntovni-pozemkove-knihy/",
      cited =        "2024-05-09",
    }

    @BOOK{scitaciOperaty,
      author =       "Ludmila Nesládková",
      title =        "Sčítací operáty z moderního sčítání obyvatel",
      
      url =          "https://is.muni.cz/el/phil/jaro2020/ETBB111/99696730/Scitaci_operaty.pdf?kod=PV084;lang=en",
      cited =        "2024-05-09"
    
    }

    @website{urbare,
      title =        "Urbáře",
      howpublished = "online",
      publisher = "Vodní mlýny",
      url =        "https://www.vodnimlyny.cz/no/urbare/",
      cited =        "2024-05-09",
    }

    @website{SoupisPoddanychDleViry,
      publisher =  "Český statistický úřad",
      title =        "1651 | Soupis poddaných podle víry",
      howpublished = "online",
      url =          "https://www.statistikaamy.cz/pribeh-statistiky/1651-soupis-poddanych-podle-viry/",
      cited =        "2023-11-11"
    }

    @website{MicrosoftDeepZoom,
      publisher =       "Microsoft",
      title =        "Deep Zoom File Format Overview",
      howpublished = "online",
      url =          "https://learn.microsoft.com/en-us/previous-versions/windows/silverlight/dotnet-windows-silverlight/cc645077(v=vs.95)",
      cited =        "2023-11-11"
    }

    @article{IntroductionZoomifyImage,
        author = {Smith, Adam},
        year = {2007},
        month = {03},
        pages = {48-51},
        howpublished = "online",
        url = "https://www.researchgate.net/publication/293184550_Introducing_Zoomify_Image",
        title = {Introducing Zoomify Image},
        volume = {26},
        journal = {Information Technology and Libraries},
        doi = {10.6017/ital.v26i1.3288},
        cited =  "2023-11-13"
    }

    @website{IIIFIntroduction,
      title =        "How It Works",
      publisher =    "International Image Interoperability Framework",
      howpublished = "online",
      url =          "https://iiif.io/get-started/how-iiif-works/",
      cited =        "2023-11-13"
    }

    @website{coToJeRuian,
      publisher =    "Správa základních registrů",
      title =        "Registr územní identifikace, adres a nemovitostí",
      howpublished = "online",
      url =          " https://www.szrcr.cz/cs/registr-uzemni-identifikace-adres-a-nemovitosti",
      cited =        "2023-11-23"
    }

    @website{dockerOverview,
      title =        "Docker overview",
      howpublished = "online",
      url =          "https://docs.docker.com/get-started/overview/",
      cited =        "2024-04-03"
    }


    @BOOK{architekturyEbook,
      author =       "Steve ardalis Smith",
      title =        "Architecting Modern Web Applications with ASP.NET Core and Microsoft Azure",
      publisher =    "Microsoft",
      edition =      "v7.0",
      year =         "2023",
      url =          "https://dotnet.microsoft.com/en-us/download/e-book/aspnet/pdf",
      cited =        "2023-11-23"
    }

    @BOOK{WorldReportOnVision,
      author =       "John Brumby",
      contributory = "Robert “Bob” E. Corlew, Martin Dinham et al.",
      title =        "World report on vision",
      publisher =    "World Health Organization",
      year =         "2019",
      url =          "https://www.who.int/publications/i/item/9789241516570"
    },

    @MASTERSTHESIS{Pop,
      author = "Dominik Pop",
      type = "Bakalářská práce",
      title = "Podpora vyhledávání matričních událostí",
      school = {Vysok{\'{e}} u{\v{c}}en{\'{i}} technick{\'{e}} v Brn{\v{e}}, Fakulta informa{\v{c}}n{\'{i}}ch technologi{\'{i}}},
      year = {2023},
      location = {Brno, CZ},
      language = {czech},
      url = {https://www.vut.cz/studenti/zav-prace/detail/146877}
    },
    @MASTERSTHESIS{Sokolik,
      author = "Jakub Sokolík",
      type = "Bakalářská práce",
      title = "Web pro přepisování genealogických pramenů",
      school = {Vysok{\'{e}} u{\v{c}}en{\'{i}} technick{\'{e}} v Brn{\v{e}}, Fakulta informa{\v{c}}n{\'{i}}ch technologi{\'{i}}},
      year = {2023},
      location = {Brno, CZ},
      language = {czech},
      url = {https://www.vut.cz/studenti/zav-prace/detail/146882}
    },
    @MASTERSTHESIS{Valusek,
      author = "Jan Valušek",
      type = "Bakalářská práce",
      title = "Aktualizace dat z webových stránek",
      school = {Vysok{\'{e}} u{\v{c}}en{\'{i}} technick{\'{e}} v Brn{\v{e}}, Fakulta informa{\v{c}}n{\'{i}}ch technologi{\'{i}}},
      year = {2023},
      location = {Brno, CZ},
      language = {czech},
      url = {https://www.vut.cz/studenti/zav-prace/detail/144933}
    }

    @website{harvesinFormula,
      title =        "Haversinův vzorec",
      howpublished = "online",
      url =          "https://cs.frwiki.wiki/wiki/Formule_de_haversine",
      cited =        "2024-04-04"
    }


    @misc{zakonArchivnictvi,
        title = "Zákon č. 499/2004 Sb.",
        howpublished = "online",
        url = "https://www.mvcr.cz/soubor/sb093-09-pdf.aspx",
        cited = "2024-04-12"
    }

    @misc{performanceLatency,
      title = {Výkonnostní testování},
      author = {Aleš Smrčka},
      howpublished = {Slidy magisterského kurzu},
      note = {Automatizované testování a dynamická analýza, Fakulta informačních technologií Vysokého učení technického v Brně, Slide 5},
      url = {https://moodle.vut.cz/pluginfile.php/567041/mod_folder/content/0/8-performance-testing.pdf},
      cited = "2024-04-15"
    }

    @misc{useCase,
        title= {Unified Modelling Language (UML)},
        author = {Marek Rychlý},
        note = {Analýza a návrh informačních systémů, Fakulta informačních technologií Vysokého učení technického v Brně, Slide 21},
        howpublished = {Slidy magisterského kurzu},
        url = {https://rychly-edu.gitlab.io/lectures/ais/AIS03-uml_print.pdf}
    }

    @misc{systemSequenceDiagram,
        title= {Unified Process – The Elaboration Phase},
        author = {Marek Rychlý},
        note = {Analýza a návrh informačních systémů, Fakulta informačních technologií Vysokého učení technického v Brně, Slide 49},
        howpublished = {Slidy magisterského kurzu},
        url = {https://rychly-edu.gitlab.io/lectures/ais/AIS06-up-elaboration_print.pdf}
    }

    @misc{domainModel,
        title= {Unified Process – The Elaboration Phase},
        author = {Marek Rychlý},
        note = {Analýza a návrh informačních systémů, Fakulta informačních technologií Vysokého učení technického v Brně, Slide 37},
        howpublished = {Slidy magisterského kurzu},
        url = {https://rychly-edu.gitlab.io/lectures/ais/AIS06-up-elaboration_print.pdf}
    }

     @misc{componentDiagram,
        title= {Unified Modelling Language (UML)},
        author = {Marek Rychlý},
        note = {Analýza a návrh informačních systémů, Fakulta informačních technologií Vysokého učení technického v Brně, Slide 85},
        howpublished = {Slidy magisterského kurzu},
        url = {https://rychly-edu.gitlab.io/lectures/ais/AIS03-uml_print.pdf}
    }

    @misc{erdDiagram,
        title = {Class Diagrams and Entity Relationship Diagrams (ERD)},
        author = {Steve Easterbrook},
        note = {Requirements Engineering, University of Toronto},
        url = {https://www.cs.toronto.edu/~sme/CSC340F/2005/slides/tutorial-classes_ERDs.pdf},
        howpublished = {Slidy kurzu},
        cited={2024-04-30} 
    }
    
    @website{cqrsMicrosoft,
      title =        "CQRS pattern",
      publisher =       "Microsoft",
      howpublished = "online",
      url =          "https://learn.microsoft.com/en-us/azure/architecture/patterns/cqrs",
      cited =        "2024-12-12"
    }

    @website{cqrsAws,
      title =        "CQRS pattern",
      publisher =       "Amazon",
      howpublished = "online",
      url =          "https://docs.aws.amazon.com/prescriptive-guidance/latest/modernization-data-persistence/cqrs-pattern.html",
      cited =        "2024-12-12"
    }

    @website{springBoot,
      title =        "Spring Boot",
      howpublished = "online",
      url =          "https://spring.io/projects/spring-boot",
      cited =        "2024-12-13"
    }

    @website{reactDev,
      title =        "React",
      howpublished = "online",
      url =          "https://react.dev/",
      cited =        "2024-12-13"
    }

    @website{typescript,
      title =        "Typescript",
      howpublished = "online",
      url =          "https://www.typescriptlang.org/docs/handbook/typescript-from-scratch.html",
      cited =        "2024-12-13"
    }

    @website{redux,
      title =        "Getting Started with Redux",
      howpublished = "online",
      url =          "https://redux.js.org/introduction/getting-started",
      cited =        "2024-12-13"
    }

    @misc{solid,
        title= {The Principles of Object-Oriented Design},
        author = {Marek Rychlý},
        note = {Analýza a návrh informačních systémů, Fakulta informačních technologií Vysokého učení technického v Brně, Slide 7},
        howpublished = {Slidy magisterského kurzu},
        url = {https://rychly-edu.gitlab.io/lectures/ais/AIS10-ood-principles_print.pdf}
    }


    @website{relationalDatabaseIbm,
      title =        "What is a relational database?",
      howpublished = "online",
      publisher = "IBM",
      url =          "https://www.ibm.com/topics/relational-databases",
      cited =        "2024-12-13"
    }

    @website{relationalDatabaseOracle,
      title =        "What is a Relational Database (RDBMS)?",
      howpublished = "online",
      publisher = "Oracle",
      url =          "https://www.oracle.com/cz/database/what-is-a-relational-database",
      cited =        "2024-12-13"
    }

    @website{databaseIndexIbm,
      title =        "IBM Database Relational Indexes",
      howpublished = "online",
      url =          "https://www.ibm.com/docs/en/db2/11.5?topic=indexes-database-relational",
      cited =        "2024-12-13"
    }

    @website{databaseIndexJimmy,
      title =        "The Basics of Database Indexes For Relational Databases",
      howpublished = "online",
      url =          "https://medium.com/@jimmyfarillo/the-basics-of-database-indexes-for-relational-databases-bfc634d6bb37",
      cited =        "2024-12-13",
      author = {Jimmy Farillo},
      date = {2017-08-23}
    }
    
    @website{databaseIndexRimon,
      title =        "Introduction To Database Indexing",
      howpublished = "online",
      url =          "https://medium.com/@rtawadrous/introduction-to-database-indexes-9b488e243cc1",
      cited =        "2024-12-13",
      author = {RimonTawadrous},
      date = {2023-10-20}
    }

    @website{hashTableYourBasic,
      title =        "Hash tables explained",
      publisher = "Your basic",
      howpublished = "online",
      url =          "https://yourbasic.org/algorithms/hash-tables-explained/",
      cited =        "2024-12-14",
      date = {2023-10-20}
    }

    @website{fullTextSearchMongo,
      title =        "What is Full-Text Search and How Does it Work?",
      howpublished = "online",
      publisher = "MongoDB",
      url =          "https://www.mongodb.com/basics/full-text-search/",
      cited =        "2024-12-14",
      date = {2023-10-20}
    }

    @website{fullTextJosh,
      title =        "Full Text Search Explained",
      howpublished = "online",
      url =          "https://www.joshgraham.com/full-text-search-explained/",
      cited =        "2024-12-14",
      author= "Josh Graham",
      date = {2015-08-02}
    }

    @website{elasticsearch,
      title =        "What is Elasticsearch?",
      publisher = "ElasticSearch",
      howpublished = "online",
      url =          "https://www.elastic.co/guide/en/elasticsearch/reference/current/elasticsearch-intro.html",
      cited =        "2024-12-14",
    }

    @website{figma,
      title =        "What is figma design and how important is it?",
      howpublished = "online",
      url =          "https://www.linkedin.com/pulse/what-figma-design-how-important-designer-jwel-fm77c/",
      cited =        "2024-12-14",
      author = {Designer Jwel}
    }

    @website{hibernateSearch,
      title =        "Introduction to Hibernate Search",
      howpublished = "online",
      url =          "https://www.baeldung.com/hibernate-search",
      cited =        "2024-12-14",
      date = {2024-01-08},
      author = {Markus Gulden}
    }
    
    @website{jwt,
      title =        "Introduction to JSON Web Tokens",
      howpublished = "online",
      publisher = "JWT",
      url =          "https://jwt.io/introduction",
      cited =        "2024-12-14",
    }
    @website{openSeaDragon,
      title =        "OpenSeaDragon Docs",
      howpublished = "online",
      url =          "https://openseadragon.github.io/docs/",
      cited =        "2024-12-14",
    }
    @website{cors,
      title =        "Cross-Origin Resource Sharing (CORS)",
      howpublished = "online",
      publisher = "Mozilla",
      url =          "https://developer.mozilla.org/en-US/docs/Web/HTTP/CORS",
      cited =        "2024-12-14",
    }
    @misc{testing,
        title= {Testing, Maven and JAX},
        author = {Jaroslav Dytrych},
        note = {Grafická uživatelská rozhraní v Javě, Fakulta informačních technologií Vysokého učení technického v Brně, Slide 3-19},
        howpublished = {Slidy magisterského kurzu},
        url = {https://moodle.vut.cz/pluginfile.php/709326/mod_folder/content/0/GJA_02-Testing_Maven_JAX.pdf}
    }
    @website{fabricJs,
      title =        "Fabric.JS Docs",
      howpublished = "online",
      url =          "http://fabricjs.com/docs/",
      cited =        "2024-12-14",
    }

    @website{hlaskovaAsimilace,
      title =        "Hlásková spodoba",
      howpublished = "online",
      url =          "https://cs.wikipedia.org/wiki/Hl%C3%A1skov%C3%A1_spodoba#:~:text=V%C3%BDrazem%20asimilace%20(%C4%8Desky%20t%C3%A9%C5%BE%20spodoba,hl%C3%A1sky%20jin%C3%A9%20hl%C3%A1sce%2C%20v%C4%9Bt%C5%A1inou%20sousedn%C3%AD.",
      cited =        "2024-04-30",
    }

    @MASTERSTHESIS{Malik,
      author = {Oto Malík},
      type = {Bakalářská práce},
      title = {Web pro zobrazování archiválií},
      school = {Vysoké učení technické v Brně, Fakulta informačních technologií, Ústav inteligentních systémů},
      year = {2024},
      location = {Brno},
      language = {czech},
      url = {https://www.vut.cz/studenti/zav-prace/detail/156406},
      cited = "2024-04-30",
      howpublished = "online",
      note = "Vedoucí práce Jaroslav Rozman"
    }
